<record><leader>00000cas a2200000 i 4500</leader><controlfield tag="001">880940484</controlfield><controlfield tag="006">m     o  d        </controlfield><controlfield tag="007">cr |||||||||||</controlfield><controlfield tag="008">140604d18511861wvuwr neo     0   a0eng  </controlfield><datafield ind1=" " ind2=" " tag="010"><subfield code="a">  2014218392</subfield></datafield><datafield ind1=" " ind2=" " tag="040"><subfield code="a">DLC</subfield><subfield code="b">eng</subfield><subfield code="e">rda</subfield><subfield code="c">DLC</subfield></datafield><datafield ind1="0" ind2=" " tag="022"><subfield code="a">2373-3764</subfield><subfield code="2">1</subfield></datafield><datafield ind1="1" ind2=" " tag="029"><subfield code="a">NZ1</subfield><subfield code="b">16179139</subfield></datafield><datafield ind1=" " ind2=" " tag="042"><subfield code="a">pcc</subfield><subfield code="a">nsdp</subfield></datafield><datafield ind1=" " ind2=" " tag="043"><subfield code="a">n-us-wv</subfield></datafield><datafield ind1="1" ind2="0" tag="050"><subfield code="a">ISSN RECORD</subfield></datafield><datafield ind1="0" ind2="0" tag="082"><subfield code="a">071</subfield><subfield code="2">23</subfield></datafield><datafield ind1="0" ind2=" " tag="130"><subfield code="a">Cooper's Clarksburg register (Online)</subfield></datafield><datafield ind1=" " ind2="0" tag="222"><subfield code="a">Cooper's Clarksburg register</subfield><subfield code="b">(Online)</subfield></datafield><datafield ind1="1" ind2="0" tag="245"><subfield code="a">Cooper's Clarksburg register.</subfield></datafield><datafield ind1="1" ind2="0" tag="246"><subfield code="a">Clarksburg register</subfield></datafield><datafield ind1=" " ind2="1" tag="264"><subfield code="a">Clarksburg [WV] :</subfield><subfield code="b">William P. Cooper,</subfield><subfield code="c">1851-</subfield></datafield><datafield ind1=" " ind2=" " tag="300"><subfield code="a">1 online resource</subfield></datafield><datafield ind1=" " ind2=" " tag="310"><subfield code="a">Weekly</subfield></datafield><datafield ind1=" " ind2=" " tag="336"><subfield code="a">text</subfield><subfield code="b">txt</subfield><subfield code="2">rdacontent</subfield></datafield><datafield ind1=" " ind2=" " tag="337"><subfield code="a">computer</subfield><subfield code="b">c</subfield><subfield code="2">rdamedia</subfield></datafield><datafield ind1=" " ind2=" " tag="338"><subfield code="a">online resource</subfield><subfield code="b">cr</subfield><subfield code="2">rdacarrier</subfield></datafield><datafield ind1="1" ind2=" " tag="362"><subfield code="a">Began with vol. I, no. 1 (November 12, 1851) whole no. 1; ceased May 10, 1861</subfield></datafield><datafield ind1=" " ind2=" " tag="500"><subfield code="a">"We stand upon the principles of immutable justice, and no human power shall drive us from our position."</subfield></datafield><datafield ind1=" " ind2=" " tag="500"><subfield code="a">Publisher: Cooper &amp; Bruen, &lt;January 1-November 19, 1858&gt;.</subfield></datafield><datafield ind1=" " ind2=" " tag="530"><subfield code="a">Available on microfilm from U.M.I.</subfield></datafield><datafield ind1=" " ind2=" " tag="588"><subfield code="a">Description based on: Vol. I, no. 1 (November 12, 1851); title from masthead (Chroniclingamerica.loc.gov, viewed June 4, 2014).</subfield></datafield><datafield ind1=" " ind2=" " tag="588"><subfield code="a">Latest issue consulted: Vol. VII, no. 51 (November 19, 1858) (Chroniclingamerica.loc.gov, viewed June 4, 2014).</subfield></datafield><datafield ind1=" " ind2="0" tag="651"><subfield code="a">Clarksburg (W. Va.)</subfield><subfield code="v">Newspapers.</subfield></datafield><datafield ind1=" " ind2="7" tag="651"><subfield code="a">West Virginia</subfield><subfield code="z">Clarksburg.</subfield><subfield code="2">fast</subfield><subfield code="0">(OCoLC)fst01217216</subfield></datafield><datafield ind1=" " ind2="7" tag="655"><subfield code="a">Newspapers.</subfield><subfield code="2">fast</subfield><subfield code="0">(OCoLC)fst01423814</subfield></datafield><datafield ind1=" " ind2=" " tag="752"><subfield code="a">United States</subfield><subfield code="b">West Virginia</subfield><subfield code="c">Harrison</subfield><subfield code="d">Clarksburg.</subfield></datafield><datafield ind1="0" ind2="8" tag="776"><subfield code="i">Originally issued in print:</subfield><subfield code="t">Cooper's Clarksburg register</subfield><subfield code="x">2373-3756</subfield><subfield code="w">(DLC)sn 85059716</subfield><subfield code="w">(OCoLC)12819653</subfield></datafield><datafield ind1="4" ind2="0" tag="856"><subfield code="u">http://www.loc.gov/chroniclingamerica/lccn/sn85059716/issues</subfield></datafield></record>